@inproceedings{mountakis2017stochastic,
  title={Stochastic Task Networks},
  author={Mountakis, Kiriakos Simon and Klos, Tomas and Witteveen, Cees},
  booktitle={International Conference on AI and OR Techniques in Constraint Programming for Combinatorial Optimization Problems},
  pages={302--311},
  year={2017},
  organization={Springer}
}
@inproceedings{mountakis2017dynamic,
  title={Dynamic Temporal Decoupling},
  author={Mountakis, Kiriakos Simon and Klos, Tomas and Witteveen, Cees},
  booktitle={International Conference on AI and OR Techniques in Constraint Programming for Combinatorial Optimization Problems},
  pages={328--343},
  year={2017},
  organization={Springer}
}
@phdthesis{arts2013spare,
  title={Spare parts planning and control for maintenance operations},
  author={Arts, JJ},
  school={Eindhoven University of Technology},
  year={2013}
}

@TechReport{huisman2009,
  title={Applied research \& development program `rolling stock life cycle logistics' at NS/NedTrain},
  author={Bob Huisman},
  institution={NedTrain},
  year=2009
}
@TechReport{NS2016,
  title={{NS Annual Report}},
  author={{Nederlandse Spoorwegen}},
  year=2016,
  url={Technical Report (www.nsjaarverslag.nl)}
}
@inproceedings{brooks2015,
  title={Robustness in Probabilistic Temporal Planning.},
  author={Brooks, Jeb and Reed, Emilia and Gruver, Alexander and Boerkoel, James C},
  booktitle={AAAI},
  pages={3239--3246},
  year={2015}
}

@inproceedings{lund2017,
  title={Robust Execution of Probabilistic Temporal Plans.},
  author={Lund, Kyle and Dietrich, Sam and Chow, Scott and Boerkoel, James C},
  booktitle={AAAI},
  pages={3597--3604},
  year={2017}
}

@article{santos1999,
  title={Probabilistic temporal networks: A unified framework for reasoning with time and uncertainty},
  author={Santos, Eugene and Young, Joel D},
  journal={International Journal of Approximate Reasoning},
  volume={20},
  number={3},
  pages={263--291},
  year={1999},
  publisher={Elsevier}
}

@mastersthesis{staats2014,
  title={{Improving PCP algorithms using flexibility metrics: Creating flexible schedules for Technical Maintenance}},
  school={Delft University of Technology},
  author={Staats, JJ},
  year={2014}
}

@article{van2005use,
  title={The use of buffers in project management: The trade-off between stability and makespan},
  author={Van de Vonder, Stijn and Demeulemeester, Erik and Herroelen, Willy and Leus, Roel},
  journal={International Journal of production economics},
  volume={97},
  number={2},
  pages={227--240},
  year={2005},
  publisher={Elsevier}
}

@article{policella2009solve,
  title={Solve-and-robustify},
  author={Policella, Nicola and Cesta, Amedeo and Oddi, Angelo and Smith, Stephen F},
  journal={Journal of Scheduling},
  volume={12},
  number={3},
  pages={299--314},
  year={2009},
  publisher={Springer}
}

@article{oddi2010iterative,
  title={Iterative flattening search for resource constrained scheduling},
  author={Oddi, Angelo and Cesta, Amedeo and Policella, Nicola and Smith, Stephen F},
  journal={Journal of Intelligent Manufacturing},
  volume={21},
  number={1},
  pages={17--30},
  year={2010}
}

@article{lombardi2012min,
  title={A min-flow algorithm for minimal critical set detection in resource constrained project scheduling},
  author={Lombardi, Michele and Milano, Michela},
  journal={Artificial Intelligence},
  volume={182},
  pages={58--67},
  year={2012},
  publisher={Elsevier}
}

@article{stork2005generation,
  title={On the generation of circuits and minimal forbidden sets},
  author={Stork, Frederik and Uetz, Marc},
  journal={Mathematical programming},
  volume={102},
  number={1},
  pages={185--203},
  year={2005},
  publisher={Springer}
}

@article{adams1988shifting,
  author={Adams, Joseph and Balas, Egon and Zawack, Daniel},
  journal={Management science},
  title={{The shifting bottleneck procedure for job shop scheduling}},
  year={1988},
  volume={34},
  number={3},
  pages={391--401}
}

@inproceedings{michel2004iterative,
  title={{Iterative relaxations for Iterative Flattening in cumulative scheduling}},
  author={Michel, Laurent and Van Hentenryck, Pascal},
  booktitle={ICAPS},
  pages={200--208},
  year={2004}
}

@article{brucker1998branch,
  title={A branch and bound algorithm for the resource-constrained project scheduling problem},
  author={Brucker, Peter and Knust, Sigrid and Schoo, Arno and Thiele, Olaf},
  journal={European Journal of Operational Research},
  volume={107},
  number={2},
  pages={272--288},
  year={1998},
  publisher={Elsevier}
}

@article{kone2011event,
  title={Event-based MILP models for resource-constrained project scheduling problems},
  author={Kon{\'e}, Oumar and Artigues, Christian and Lopez, Pierre and Mongeau, Marcel},
  journal={Computers \& Operations Research},
  volume={38},
  number={1},
  pages={3--13},
  year={2011},
  publisher={Elsevier}
}


@book{ghallab2004,
	title={Automated Planning: theory and practice},
	author={Ghallab, Malik and Nau, Dana and Traverso, Paolo},
	year={2004},
	publisher={Elsevier}
}

@article{van2006trade,
	title={The trade-off between stability and makespan in resource-constrained project scheduling},
	author={Van de Vonder, Stijn and Demeulemeester, Erik and Herroelen*, Willy and Leus, Roel},
	journal={International Journal of Production Research},
	volume={44},
	number={2},
	pages={215--236},
	year={2006},
	publisher={Taylor \& Francis}
}
@article{ballestin2009resource,
	title={Resource-Constrained Project Scheduling for Timely Project Completion with Stochastic Activity Durations},
	author={Ballestin, Francisco and Leus, Roel},
	journal={Production and Operations Management},
	volume={18},
	number={4},
	pages={459--474},
	year={2009},
	publisher={Wiley Online Library}
}
@article{creemers2015minimizing,
	title={Minimizing the expected makespan of a project with stochastic activity durations under resource constraints},
	author={Creemers, Stefan},
	journal={Journal of Scheduling},
	volume={18},
	number={3},
	pages={263--273},
	year={2015},
	publisher={Springer}
}
@article{ashtiani2011new,
	author={Ashtiani, Behzad and Leus, Roel and Aryanezhad, Mir-Bahador},
	journal={Journal of Scheduling},
	title={{New competitive results for the stochastic resource-constrained project scheduling problem: exploring the benefits of pre-processing}},
	year={2011},
	volume={14},
	number={2},
	pages={157--171}
}

@article{visweswariah2006,
	title={First-order incremental block-based statistical timing analysis},
	author={Visweswariah, Chandramouli and Ravindran, Kaushik and Kalafala, Kerim and Walker, Steven G and Narayan, Sambasivan and Beece, Daniel K and Piaget, Jeff and Venkateswaran, Natesan and Hemmett, Jeffrey G},
	journal={IEEE Transactions on Computer-Aided Design of Integrated Circuits and Systems},
	volume={25},
	number={10},
	pages={2170--2180},
	year={2006},
	publisher={IEEE}
}

@MastersThesis{mountakis2013,
	author={Kiriakos Simon Mountakis},
	title     =     {{Stochastic Scheduling of Train Maintenance Projects}},
	school     =     {Delft University of Technology},
	address     =     {the Netherlands},
	year     =     {2013},
} 

@phdthesis{parada:2015,
  author = {J.E. Parada Puig},
  title = {Serviceability of passenger trains during acquisition projects},
  school = {University of Twente},
  year = "2015"
}

@phdthesis{wilson:2016,
  author = "M.~Wilson",
  title = "Robust Scheduling in an Uncertain Environment",
  school = "Delft University of Technology",
  year = "2016"
}

@article{alchourron:1985,
  author    = {C. E. Alchourr{\'o}n and
               P.~ G{\"a}rdenfors and
               D.~ Makinson},
  title     = {On the Logic of Theory Change: Partial Meet Contraction
               and Revision Functions},
  journal   = {Journal of Symbolic Logic},
  volume    = {50},
  number    = {2},
  year      = {1985},
  pages     = {510-530},
  bibsource = {DBLP, http://dblp.uni-trier.de}
}

@inproceedings{boerkoel:2011,
  author = "J.C.~Boerkoel and E.H.~Durfee",
  title = {Distributed algorithms for solving the multiagent temporal decoupling problem},
  booktitle = {AAMAS},
  pages={141--148},
  year = 2011,
}

@inproceedings{boerkoel:2012,
 author = {J.C.~Boerkoel and E.H.~Durfee},
 title = { A Distributed Approach to Summarizing Spaces of Multiagent Schedules},
 booktitle = {Proceedings of the 26th Conference of the Association for the Advancement of Artificial Intelligence (AAAI)},
 year = {2012}
 }

@phdthesis{boerkoel:2012a,
  author = "J.C.~Boerkoel",
  title = {Distributed Approaches for Solving Constraint-based Multiagent Scheduling Problems},
  school = "University of Michigan",
  year = "2012"
}

@article{boerkoel:2013,
  author    = {J.C.~Boerkoel and E.H.~Durfee},
  title     = {Distributed Reasoning for Multiagent Simple Temporal Problems},
  journal   = {Journal of Artificial Intelligence Research},
  volume    = {47},
  year      = {2013},
  pages     = {95-156}
} 

@book{brambilla:2010,
  author = "A.~Brambilla",
  title = "Artificial Intelligence in Space Systems: Coordination Through Problem Decoupling in Multi Agent Planning for Space Systems",
  publisher = "Lambert Academic Publishing",
  year = "2010"
}
@inproceedings{brodsky:2005,
  author    = {A.~Brodsky and
               L.~Kerschberg and
               S.~Varas},
  title     = {Optimal Constraint Decomposition for Distributed Databases},
  booktitle = {Proceedings {ASIAN} 2004},
  year      = {2005},
  pages     = {301-319},
  ee        = {http://springerlink.metapress.com/openurl.asp?genre=article{\&}issn=0302-9743{\&}volume=3321{\&}spage=301}
 
}

@book{chretienne:1995,
  title={Scheduling theory and its applications},
  author={Chr{\'e}tienne, P.},
  isbn={9780471940593},
  lccn={lc95004907},
  year={1995},
  publisher={John Wiley \& Sons}
}


@book{dechter:2003,
  author = "R.~Dechter",
  title = "Constraint processing",
  publisher = "Morgan Kaufmann",
  year = "2003"
}


@book{herrmann:2006,
  title={Handbook of production scheduling},
  author={J.W.~Herrmann},
  series={International Series in Operations Research \& Management Science},
  year={2006},
  publisher={Springer},
}

@inproceedings{hunsberger:2002b,
  author = "L. Hunsberger",
  title = {Algorithms for a temporal decoupling problem in multi-agent planning},
  booktitle = {AAAI},
  pages = {468--475},
  year = {2002},
}

@PHDTHESIS{hunsberger:2002a,
  author = {L.~Hunsberger},
  title = {Group Decision Making and Temporal Reasoning},
  school = {Harvard University, Cambridge, Massachusetts},
  year = {2002},
 }
 
 @INPROCEEDINGS{klos:2013,
 author = "T. B. Klos and M. Wilson and C. Witteveen",
 title = {Flexibility Metrics for Time and Resource Constrained Scheduling Problems},
 editor= {G.~Kendall and B.~McCollum and G.~Vanden Berghe},
 booktitle = "Proceedings of the {MISTA} 2013 Conference, Ghent",
 year = 2013,
}

@inproceedings{leeuwen:2009,
 author = {P.~van Leeuwen and C.~Witteveen},
 title = {Temporal Decoupling and Determining Resource Needs of Autonomous Agents in the Airport Turnaround Process},
 booktitle = {Proceedings of the 2009 IEEE/WIC/ACM International Joint Conference on Web Intelligence and Intelligent Agent Technology},
 year = {2009},
 pages = {185--192}
} 

@article{mills:2007,
  title={The dynamic hungarian algorithm for the assignment problem with changing costs},
  author={G.~Mills-Tettey, A.~Stentz, and M.~Dias},
  year={2007},
  publisher={Carnegie Mellon University}
}
@inproceedings{Mogali:2016,
  author    = {Jayanth Krishna Mogali and
               Stephen F. Smith and
               Zachary B. Rubinstein},
  title     = {Distributed Decoupling of Multiagent Simple Temporal Problems},
  booktitle = {Proceedings {IJCAI}-2016},
  pages     = {408--415},
  publisher = {{IJCAI/AAAI} Press},
  year      = {2016}
}

@INPROCEEDINGS{morris:2001,
    author = {P.~Morris and N.~Muscettola},
    title = {Dynamic Control Of Plans With Temporal Uncertainty},
    editor    = {Bernhard Nebel},
    booktitle     = {Proceedings of the Seventeenth International Joint Conference
               on Artificial Intelligence, IJCAI 2001, Seattle, Washington,
               USA, 2001},
  publisher = {Morgan Kaufmann},
  year      = {2001},
  isbn      = {1-55860-777-3},
    pages = {494--502},   
}

@incollection{morris:2005,
 author = "Morris, P. and Muscettola, N.",
 title = "Temporal dynamic controllability revisited",
 booktitle = "AAAI",
 pages = "1193--1198",
 year = 2005
}

@inproceedings{mountakis:2015,
	author          = {S. Mountakis and T.B. Klos and C. Witteveen},
	title           = {Temporal Flexibility Revisited: Maximizing Flexibility by Computing Bipartite Matchings},
	booktitle       = {ICAPS},
	pages				 = {174--178},
	year            = {2015},
}

@inproceedings{planken:2008,
	author = "L.R.~Planken and M.M.~de Weerdt and R.~van der Krogt",
	title = "{P3C}: A New Algorithm for the {STP}",
	booktitle = "Proceedings International Conference on Automated Planning and Scheduling (ICAPS)",
	year = 2008
}
@book{papadimitriou:1982,
 author = {Papadimitriou, Christos H. and Steiglitz, Kenneth},
 title = {Combinatorial Optimization: Algorithms and Complexity},
 year = {1982},
 isbn = {0-13-152462-3},
 publisher = {Prentice-Hall, Inc.}
} 

@book{pinedo:2008,
 author = {M.L.~Pinedo},
 title = {Scheduling: Theory, Algorithms, and Systems},
 year = {2008},
 isbn = {0387789340, 9780387789347},
 edition = {3rd},
 publisher = {Springer Publishing Company},
} 

@inproceedings{plankenEtAl:2010,
	author = "L.R.~Planken and M.M.~de Weerdt and C.~Witteveen",
	title = "Optimal temporal decoupling in multiagent systems",
	booktitle       = {AAMAS},
	year            = {2010},
	pages           = {789-796}
}

@article{planken:2012,
 author = {L.R.~Planken and M.M.~de Weerdt and R. van der Krogt},
 title = {Computing All-pairs Shortest Paths by Leveraging Low Treewidth},
 journal = {Journal of Artificial Intelligence Research},
 volume = {43},
 number = {1},
 year = {2012},
 pages = {353--388}
} 

@phdthesis{planken:2013,
	author = "L.R.~Planken",
	title = "Algorithms for Simple Temporal Reasoning",
	year = 2013,
	school = "Delft University of Technology",
}

@inproceedings{policella:2004,
  author    = {N. Policella and S. F. Smith and A. Cesta and A. Oddi},
  title     = {Generating Robust Schedules through Temporal Flexibility},
  booktitle = {ICAPS},
  year      = {2004},
  pages     = {209-218}
}

@inproceedings{policella:2005,
  author    = {Nicola Policella and Xiaofang Wang and Stephen F. Smith and Angelo Oddi},
  title     = {Exploiting Temporal Flexibility to Obtain High Quality Schedules},
  booktitle = {AAAI},
  year      = {2005},
  pages     = {1199-1204}
}

@proceedings{DBLP:conf/aaai/2005,
  editor    = {Manuela M. Veloso and
               Subbarao Kambhampati},
  title     = {Proceedings, The Twentieth National Conference on Artificial
               Intelligence and the Seventeenth Innovative Applications
               of Artificial Intelligence Conference, July 9-13, 2005,
               Pittsburgh, Pennsylvania, USA},
  publisher = {AAAI Press/The MIT Press},
  year      = {2005},
  isbn      = {1-57735-236-X},
  bibsource = {DBLP, http://dblp.uni-trier.de}
}
@article{policella:2007,
	author = "N.~Policella and A.~Cesta and A.~Oddi and S.F.~Smith",
	title = "From precedence constraint posting to partial order schedules: A {CSP} approach to Robust Scheduling",
	journal = "AI Communications",
	year = 2007,
	volume = 20,
	number = 3,
	pages = "163--180"
}

@article{potra:2000,
	Author = {F.A. Potra and S.J. Wright},
	Issn = {0377-0427},
	Journal = {Journal of Computational and Applied Mathematics},
	Number = {1--2},
	Pages = {281 - 302},
	Title = {Interior-point methods},
	Volume = {124},
	Year = {2000}
}

@INPROCEEDINGS{smith:2003,
    author = {S.~F. Smith},
    title = {Is Scheduling a Solved Problem?},
    booktitle = {Proceedings of the Multi-Disciplinary International Conference on Scheduling Theory and Applications (MISTA)},
    year = {2003},
    pages = {3--18},
    publisher = {Springer}
}
@article{vidalF:1999,
  author = {Th.~Vidal and H.~Fargier},
  journal = {Journal of Experimental and Theoretical Artificial Intelligence},
  keywords = {dblp},
  number = 1,
  pages = {23--45},
  title = {Handling contingency in temporal constraint networks: from consistency to controllabilities},
  volume = 11,
year = 1999,
}

@inproceedings{vidalB:2001,
  author = 	 {Th.~Vidal and J.~Bidot},
  editor    = {C.~Beck and
               K.~Brown},
  title = 	 {Dynamic Sequencing of Tasks in Simple Temporal Network with Uncertainty},
  year = 	 2001,
  pages = {39--48},
  booktitle =  {Proceedings of the CP'01 Workshop on Constraints and Uncertainty (CUW'01)},
  month =        "December",
}

@inproceedings{wilson:2013,
	author        = {M.~Wilson and C.~Witteveen and T.B.~Klos and B.~Huisman},
	title           = {Enhancing flexibility and robustness in multi-agent task scheduling},
	booktitle     = {OPTMAS workshop proceedings},
	year            = {2013},
}



@article{floyd:1962,
	author = "R.W.~Floyd",
	title = "Algorithm 97: Shortest path",
	journal = "Communications of the ACM",
	year = 1962,
	volume = 5,
	number = 6,
	NOpages = 345,
}
@article{Fredman:1987,
 author = {Michael L. Fredman and Robert Endre Tarjan},
 title = {Fibonacci Heaps and Their Uses in Improved Network Optimization Algorithms},
 journal = {Journal of the ACM},
 issue_date = {July 1987},
 volume = {34},
 number = {3},
 year = {1987},
 pages = {596--615}
} 


@article{pollack:2005,
  title={{Efficiently dispatching plans encoded as Simple Temporal Problems}},
  author={Pollack, Martha E and Tsamardinos, Ioannis},
  journal={Intelligent Techniques for Planning},
  pages={296--319},
  year={2005},
  publisher={IGI Global}
}

@article{wilson:2014,
	author = {Michel Wilson and Tomas Klos and Cees Witteveen and Bob Huisman},
	title = {Flexibility and Decoupling in {S}imple {T}emporal {N}etworks},
	year = {2014},
	journal = {Artificial Intelligence},
	volume = {214},
	pages = {26--44},
	doi = {http://dx.doi.org/10.1016/j.artint.2014.05.003}
}
@inproceedings{terekhov2012,
	  title={Long-Run Stability in Dynamic Scheduling.},
	    author={Terekhov, Daria and Tran, Tony T and Down, Douglas G and Beck, J Christopher},
	      booktitle={ICAPS},
	        year={2012}
}
@article{cohen2015,
  title={Estimating the probability of meeting a deadline in hierarchical plans},
  author={Cohen, Liat and Shimony, Solomon Eyal and Weiss, Gera},
  journal={arXiv preprint arXiv:1503.01327},
  year={2015}
}
@inproceedings{godard2005,
  title={Randomized Large Neighborhood Search for Cumulative Scheduling.},
  author={Godard, Daniel and Laborie, Philippe and Nuijten, Wim},
  booktitle={ICAPS},
  pages={81--89},
  year={2005}
}

@inproceedings{policella2004,
  title={Generating robust partial order schedules},
  author={Policella, Nicola and Oddi, Angelo and Smith, Stephen F and Cesta, Amedeo},
  booktitle={CP},
  pages={496--511},
  year={2004}
}

@inproceedings{bonfietti2014,
  title={{Disregarding Duration Uncertainty in Partial Order Schedules? {Y}es, we can!}},
  author={Bonfietti, Alessio and Lombardi, Michele and Milano, Michela},
  booktitle={CPAIOR},
  pages={210--225},
  year={2014}
}

@article{bidot2009,
  title={A theoretic and practical framework for scheduling in a stochastic environment},
  author={Bidot, Julien and Vidal, Thierry and Laborie, Philippe and Beck, J Christopher},
  journal={Journal of Scheduling},
  volume={12},
  number={3},
  pages={315--344},
  year={2009},
  publisher={Springer}
}

@article{chretienne2003,
  title={{PERT scheduling with convex cost functions}},
  author={Chr{\'e}tienne, Philippe and Sourd, Francis},
  journal={Theoretical Computer Science},
  volume={292},
  number={1},
  pages={145--164},
  year={2003}
}

@inproceedings{davenport2014,
  title={Slack-based techniques for robust schedules},
  author={Davenport, Andrew and Gefflot, Christophe and Beck, Chris},
  booktitle={Sixth European Conference on Planning},
  year={2014}
}

@article{herroelen2005,
  title={{Project scheduling under uncertainty: Survey and research potentials}},
  author={Herroelen, Willy and Leus, Roel},
  journal={European Journal of Operational Research},
  volume={165},
  number={2},
  pages={289--306},
  year={2005}
}

@misc{beck2002,
  title = {A survey of techniques for scheduling with uncertainty},
  author={Beck, C. and Davenport, A.J.}, 
  year = {2002}
}

@article{igelmund1983,
  title={Preselective strategies for the optimization of stochastic project networks under resource constraints},
  author={Igelmund, G and Radermacher, Franz Josef},
  journal={Networks},
  volume={13},
  number={1},
  pages={1--28},
  year={1983},
  publisher={Wiley Online Library}
}

@article{roy1964,
  title={Les problemes d’ordonnancement avec contraintes disjonctives},
  author={Roy, Bernard and Sussmann, B},
  journal={Note ds},
  volume={9},
  year={1964},
}

@article{kleywegt2002,
  title={The sample average approximation method for stochastic discrete optimization},
  author={Kleywegt, Anton J and Shapiro, Alexander and Homem-de-Mello, Tito},
  journal={SIAM Journal on Optimization},
  volume={12},
  number={2},
  pages={479--502},
  year={2002},
  publisher={SIAM}
}


@article{lamas2015,
  title={A purely proactive scheduling procedure for the resource-constrained project scheduling problem with stochastic activity durations},
  author={Lamas, Patricio and Demeulemeester, Erik},
  journal={Journal of Scheduling},
  volume={19},
  number={4},
  pages={409--428},
  year={2016},
  publisher={Springer}
}

@inproceedings{mountakis2015,
  title={Exact and heuristic methods for trading-off makespan and stability in stochastic project scheduling},
  author={Mountakis, Simon and Klos, Tomas and Witteveen, Cees and Huisman, Bob},
  booktitle={MISTA},
  pages={25--41},
  year={2015}
}
@article{malcolm1959,
  title={Application of a technique for research and development program evaluation},
  author={Malcolm, Donald G and Roseboom, John H and Clark, Charles E and Fazar, Willard},
  journal={Operations research},
  volume={7},
  year={1959},
}
@article{veetil2011,
  title={Fast statistical static timing analysis using smart Monte Carlo techniques},
  author={Veetil, Vineeth and Chopra, Kaviraj and Blaauw, David and Sylvester, Dennis},
  journal={IEEE Transactions on Computer-Aided Design of Integrated Circuits and Systems},
  volume={30},
  year={2011},
}

@article{adlakha1989,
  author={Adlakha, VG and Kulkarni, VG},
  journal={Information Systems and Operational Research},
  title={{A classified bibliography of research on stochastic PERT networks: 1966-1987}},
  year={1989},
  volume={27},
  number={3},
  pages={272--296}
}

@article{hagstrom1990,
  title={{Computing the probability distribution of project duration in a PERT network}},
  author={Hagstrom, Jane N},
  journal={Networks},
  volume={20},
  number={2},
  pages={231--244},
  year={1990},
}

@article{pallottino1984,
  title={Shortest-path methods: Complexity, interrelations and new propositions},
  author={Pallottino, Stefano},
  journal={Networks},
  volume={14},
  number={2},
  pages={257--267},
  year={1984},
  publisher={Wiley Online Library}
}

@article{potra2000,
  title={Interior-point methods},
  author={Potra, Florian A and Wright, Stephen J},
  journal={Journal of Computational and Applied Mathematics},
  volume={124},
  number={1},
  pages={281--302},
  year={2000},
  publisher={Elsevier}
}

@article{blaauw2008,
  title={{Statistical Timing Analysis: From basic principles to state of the art}},
  author={Blaauw, David and Chopra, Kaviraj and Srivastava, Ashish and Scheffer, Lou},
  journal={IEEE transactions on computer-aided design of integrated circuits and systems},
  volume={27},
  number={4},
  pages={589--607},
  year={2008},
  publisher={IEEE}
}

@article{shestak2008,
  title={Stochastic robustness metric and its use for static resource allocations},
  author={Shestak, Vladimir and Smith, Jay and Maciejewski, Anthony A and Siegel, Howard Jay},
  journal={Journal of Parallel and Distributed Computing},
  volume={68},
  number={8},
  pages={1157--1173},
  year={2008},
  publisher={Elsevier}
}

@article{bell1989,
  title={Maintaining project networks in automated artificial intelligence planning},
  author={Bell, Colin E},
  journal={Management Science},
  volume={35},
  year={1989},
}

@article{tarjan1976,
  title={Edge-disjoint spanning trees and depth-first search},
  author={Tarjan, Robert Endre},
  journal={Acta Informatica},
  volume={6},
  year={1976},
}
@article{kim2007,
  title={A heuristic for optimizing stochastic activity networks with applications to statistical digital circuit sizing},
  author={Kim, Seung-Jean and Boyd, Stephen P and Yun, Sunghee and Patil, Dinesh D and Horowitz, Mark A},
  journal={Optimization and Engineering},
  volume={8},
  year={2007},
}
@article{calafiore2005,
  title={Uncertain convex programs: randomized solutions and confidence levels},
  author={Calafiore, Giuseppe and Campi, Marco C},
  journal={Mathematical Programming},
  volume={102},
  number={1},
  pages={25--46},
  year={2005},
}

@article{floyd1962,
  title={Algorithm 97: shortest path},
  author={Floyd, Robert W},
  journal={Communications of the ACM},
  volume={5},
  year={1962},
}

@inproceedings{de2014novel,
  title={{A Novel Priority Rule Heuristic: Learning from Justification}},
  author={de Nijs, Frits and Klos, Tomas},
  booktitle={ICAPS},
  pages={92--100},
  year={2014}
}
@article{bartels2009scheduling,
  title={{Scheduling tests in automotive R\&D projects}},
  author={Bartels, {J-H} and Zimmermann, J{\"u}rgen},
  journal={European Journal of Operational Research},
  volume={193},
  number={3},
  pages={805--819},
  year={2009},
  publisher={Elsevier}
}
@article{bomsdorf2008model,
  title={A model, heuristic procedure and decision support system for solving the movie shoot scheduling problem},
  author={Bomsdorf, Felix and Derigs, Ulrich},
  journal={{OR Spectrum}},
  volume={30},
  number={4},
  pages={751--772},
  year={2008},
  publisher={Springer}
}

@article{herroelen2001note,
  title={{A note on the paper “Resource-constrained project scheduling: Notation, classification, models and methods” by Brucker et al.}},
  author={Herroelen, Willy and Demeulemeester, Erik and De Reyck, Bert},
  journal={European Journal of Operational Research},
  volume={128},
  number={3},
  pages={679--688},
  year={2001},
  publisher={Elsevier}
}

@article{dechter1991,
  title={Temporal constraint networks},
  author={Dechter, Rina and Meiri, Itay and Pearl, Judea},
  journal={Artificial intelligence},
  volume={49},
  number={1},
  pages={61--95},
  year={1991},
  publisher={Elsevier}
}

@inproceedings{oddi2009iterative,
  title={{Iterative flattening search on RCPSP/max problems: recent developments}},
  author={Oddi, Angelo and Rasconi, Riccardo},
  booktitle={Recent Advances in Constraints},
  pages={99--115},
  year={2009}
}

@article{deblaere2011proactive,
  title={Proactive policies for the stochastic resource-constrained project scheduling problem},
  author={Deblaere, Filip and Demeulemeester, Erik and Herroelen, Willy},
  journal={European Journal of Operational Research},
  volume={214},
  number={2},
  pages={308--316},
  year={2011},
  publisher={Elsevier}
}
@article{leus2004stability,
  title={Stability and resource allocation in project planning},
  author={Leus, Roel and Herroelen, Willy},
  journal={IIE transactions},
  volume={36},
  number={7},
  pages={667--682},
  year={2004},
  publisher={Taylor \& Francis}
}
@article{lamas2014purely,
year={2015},
issn={1094-6136},
journal={Journal of Scheduling},
doi={10.1007/s10951-015-0423-3},
title={A purely proactive scheduling procedure for the resource-constrained project scheduling problem with stochastic activity durations},
url={http://dx.doi.org/10.1007/s10951-015-0423-3},
publisher={Springer US},
keywords={Proactive RCPSP; Robust RCPSP; Chance-constrained programming; SAA},
author={Lamas, Patricio and Demeulemeester, Erik},
pages={1-20},
language={English}
}
@article{van2007heuristic,
  title={Heuristic procedures for reactive project scheduling},
  author={Van de Vonder, Stijn and Ballestin, Francisco and Demeulemeester, Erik and Herroelen, Willy},
  journal={Computers \& Industrial Engineering},
  volume={52},
  number={1},
  pages={11--28},
  year={2007},
  publisher={Elsevier}
}
@article{herroelen2004construction,
  title={The construction of stable project baseline schedules},
  author={Herroelen, Willy and Leus, Roel},
  journal={European Journal of Operational Research},
  volume={156},
  number={3},
  pages={550--565},
  year={2004},
  publisher={Elsevier}
}
@article{steele1975nervous,
  title={The nervous MRP system: how to do battle},
  author={Steele, Daniel C},
  journal={Production and Inventory Management},
  volume={16},
  number={4},
  pages={83--89},
  year={1975},
  publisher={Wiley}
}
@article{herroelen2004robust,
  title={Robust and reactive project scheduling: a review and classification of procedures},
  author={Herroelen, Willy and Leus, Roel},
  journal={International Journal of Production Research},
  volume={42},
  number={8},
  pages={1599--1620},
  year={2004},
  publisher={Taylor \& Francis}
}

@article{leus2011robust,
  title={Robust optimization for resource-constrained project scheduling with uncertain activity durations},
  author={Artigues, Christian and Leus, Roel and Nobibon, Fabrice Talla},
  journal={Flexible Services and Manufacturing Journal},
  volume={25},
  number={1-2},
  pages={175--205},
  year={2013},
  publisher={Springer}
}

@article{leus2011resource,
  title={Resource allocation by means of project networks: dominance results},
  author={Leus, Roel},
  journal={Networks},
  volume={58},
  number={1},
  pages={50--58},
  year={2011},
  publisher={Wiley Online Library}
}

@article{ballestin2007worthwhile,
  title={{When it is worthwhile to work with the stochastic RCPSP?}},
  author={Ballest{\'\i}n, Francisco},
  journal={Journal of Scheduling},
  volume={10},
  number={3},
  pages={153--166},
  year={2007},
  publisher={Springer}
}

@article{kolisch1997psplib,
  title={PSPLIB-a project scheduling problem library: OR software-ORSEP operations research software exchange program},
  author={Kolisch, Rainer and Sprecher, Arno},
  journal={European Journal of Operational Research},
  volume={96},
  number={1},
  pages={205--216},
  year={1997},
  publisher={Elsevier}
}

@article{stork2000branch,
  title={Branch-and-bound algorithms for stochastic resource-constrained project scheduling},
  author={Stork, Frederik},
  journal={Technical Report--Berlin Technical University},
  pages={702--2000},
  year={2000}
}

@article{mohring1985stochastic,
  title={Stochastic scheduling problems II -- set strategies},
  author={M{\"o}hring, Rolf H and Radermacher, Franz Josef and Weiss, Gideon},
  journal={Zeitschrift f{\"u}r Operations Research},
  volume={29},
  number={3},
  pages={65--104},
  year={1985},
  publisher={Springer}
}
@article{mohring1984stochastic,
  title={Stochastic scheduling problems I -- General strategies},
  author={M{\"o}hring, Rolf H and Radermacher, Franz Josef and Weiss, Gideon},
  journal={Zeitschrift f{\"u}r Operations Research},
  volume={28},
  number={7},
  pages={193--260},
  year={1984},
  publisher={Springer}
}
@article{braeckmans2005proactive,
  title={Proactive resource allocation heuristics for robust project scheduling},
  author={Braeckmans, Kristof and Demeulemeester, Erik and Herroelen, Willy and Leus, Roel},
  journal={Technical Report -- KU Leuven-Departement toegepaste economische wetenschappen},
  year={2005}
}
@article{artigues2003insertion,
  title={Insertion techniques for static and dynamic resource-constrained project scheduling},
  author={Artigues, Christian and Michelon, Philippe and Reusser, St{\'e}phane},
  journal={European Journal of Operational Research},
  volume={149},
  number={2},
  pages={249--267},
  year={2003}
}
@article{van2008,
  title={Proactive heuristic procedures for robust project scheduling: An experimental analysis},
  author={Van de Vonder, Stijn and Demeulemeester, Erik and Herroelen, Willy},
  journal={European Journal of Operational Research},
  volume={189},
  number={3},
  pages={723--733},
  year={2008},
  publisher={Elsevier}
}

@book{herroelen1999classification,
  title={A classification scheme for project scheduling},
  author={Herroelen, Willy and Demeulemeester, Erik and De Reyck, Bert},
  year={1999},
  publisher={Springer}
}
@article{hagstrom1988computational,
  title={{Computational complexity of PERT problems}},
  author={Hagstrom, Jane N},
  journal={Networks},
  volume={18},
  number={2},
  pages={139--147},
  year={1988},
  publisher={Wiley Online Library}
}
@article{hartmann2000experimental,
  title={Experimental evaluation of state-of-the-art heuristics for the resource-constrained project scheduling problem},
  author={Hartmann, S{\"o}nke and Kolisch, Rainer},
  journal={European Journal of Operational Research},
  volume={127},
  number={2},
  pages={394--407},
  year={2000},
  publisher={Elsevier}
}
@article{hartmann2010survey,
  title={A survey of variants and extensions of the resource-constrained project scheduling problem},
  author={Hartmann, S{\"o}nke and Briskorn, Dirk},
  journal={European Journal of Operational Research},
  volume={207},
  number={1},
  pages={1--14},
  year={2010},
  publisher={Elsevier}
}
@article{blazewicz1983scheduling,
  title={Scheduling subject to resource constraints: classification and complexity},
  author={Blazewicz, Jacek and Lenstra, Jan Karel and Kan, AHG Rinnooy},
  journal={Discrete Applied Mathematics},
  volume={5},
  number={1},
  pages={11--24},
  year={1983},
  publisher={Elsevier}
}
@article{kolisch2006experimental,
  title={Experimental investigation of heuristics for resource-constrained project scheduling: An update},
  author={Kolisch, Rainer and Hartmann, S{\"o}nke},
  journal={European journal of operational research},
  volume={174},
  number={1},
  pages={23--37},
  year={2006},
  publisher={Elsevier}
}
@article{schutt2013solving,
  title={{Solving RCPSP/max by lazy clause generation}},
  author={Schutt, Andreas and Feydy, Thibaut and Stuckey, Peter J and Wallace, Mark G},
  journal={Journal of Scheduling},
  volume={16},
  number={3},
  pages={273--289},
  year={2013},
  publisher={Springer}
}

@book{artigues2013resource,
  author={Artigues, Christian and Demassey, Sophie and Neron, Emmanuel},
  title={Resource-constrained project scheduling: models, algorithms, extensions and applications},
  year={2013},
  publisher={John Wiley \& Sons}
}
@inproceedings{wilson2011efficient,
  title={Efficient workplan management in maintenance tasks},
  author={Wilson, Michel and Roos, Nico and Huisman, Bob and Witteveen, Cees},
  booktitle={BNAIC},
  year={2011}
}
@article{coxeter1940regular,
  title={Regular and semi-regular polytopes. I},
  author={Coxeter, HSM},
  journal={Mathematische Zeitschrift},
  volume={46},
  number={1},
  pages={380--407},
  year={1940},
  publisher={Springer}
}

@article{kannan1997random,
  title={{Random walks and an $o^*(n^5)$ volume algorithm for convex bodies}},
  author={Kannan, Ravi and Lov{\'a}sz, L{\'a}szl{\'o} and Simonovits, Mikl{\'o}s},
  journal={Random structures and algorithms},
  volume={11},
  number={1},
  pages={1--50},
  year={1997}
}
