@book{dechter:2003,
  author = "R.~Dechter",
  title = "Constraint Processing",
  publisher = "Morgan Kaufmann",
  year = "2003"
}


@article{dechterEtAl:1991,
  author = "R.~Dechter and I.~Meiri and J.~Pearl",
  title = "Temporal constraint networks",
  journal = "Artificial Intelligence",
  volume = "49",
  NOpages = "61--95",
  year = "1991"
}

@article{floyd:1962,
	author = "R.W.~Floyd",
	title = "Algorithm 97: Shortest path",
	journal = "Communications of the ACM",
	year = 1962,
	volume = 5,
	number = 6,
	NOpages = 345,
}
@article{Fredman:1987,
 author = {Michael L. Fredman and Robert Endre Tarjan},
 title = {Fibonacci Heaps and Their Uses in Improved Network Optimization Algorithms},
 journal = {J. ACM},
 issue_date = {July 1987},
 volume = {34},
 number = {3},
 month = jul,
 year = {1987},
 issn = {0004-5411},
 pages = {596--615},
 numpages = {20},
 url = {http://doi.acm.org/10.1145/28869.28874},
 doi = {10.1145/28869.28874},
 acmid = {28874},
 publisher = {ACM},
 address = {New York, NY, USA},
} 

@INPROCEEDINGS{policella:2004,
  author = {N. Policella and S. F. Smith and A.~Cesta and A.~Oddi},
  title = {Generating Robust Schedules through Temporal Flexibility},
  booktitle = {Proceedings {ICAPS}},
  ORIGbooktitle = {Proceedings of the 14 International Conference on Automated Planning
	\& Scheduling, ICAPS'04},
  year = {2004},
  file = {:/home/wilson/papers/policella2004.pdf:PDF},
  owner = {wilson},
  timestamp = {2013.02.05}
}

@incollection{pollack:2005,
 author = "M. E. Pollack and I. Tsamardinos",
 title = "Efficiently Dispatching Plans Encoded as Simple Temporal Problems",
 booktitle = "Intelligent Techniques for Planning",
 publisher = "Idea Group Publishing",
 editor = "I. Vlahavas and D. Vrakas",
 pages = "296--319",
 isbn = "9781591404507",
 year = 2005
}

@inproceedings{wilson:2013,
	author          = {M.~Wilson and T.~Klos and C.~Witteveen and B.~Huisman},
	title           = {Flexibility and Decoupling in the Simple Temporal Problem},
	booktitle       = {Proceedings International Joint Conference on Artificial Intelligence (IJCAI)},
	publisher       = {AAAI Press, Menlo Park, CA},
	year            = {2013},
	editor          = {F. Rossi},
	pages           = {2422 - 2428},
	url             = {http://ijcai.org/papers13/Papers/IJCAI13-356.pdf},
	}


@article{Potra:2000,
        Author = {Florian A. Potra and Stephen J. Wright},
	Doi = {http://dx.doi.org/10.1016/S0377-0427(00)00433-7},
	Issn = {0377-0427},
	Journal = {Journal of Computational and Applied Mathematics},
	Note = {Numerical Analysis 2000. Vol. IV: Optimization and Nonlinear Equations},
	Number = {1--2},
	Pages = {281 - 302},
	Title = {Interior-point methods},
	Url = {http://www.sciencedirect.com/science/article/pii/S0377042700004337},
	Volume = {124},
	Year = {2000},
	Bdsk-Url-1 = {http://www.sciencedirect.com/science/article/pii/S0377042700004337},
	Bdsk-Url-2 = {http://dx.doi.org/10.1016/S0377-0427(00)00433-7}}

@article{wilson:2014,
	author = {Michel Wilson and Tomas Klos and Cees Witteveen and Bob Huisman},
	title = {Flexibility and Decoupling in {S}imple {T}emporal {N}etworks},
	year = {2014},
	journal = {Artificial Intelligence},
	volume = {214},
	pages = {26--44},
	doi = {http://dx.doi.org/10.1016/j.artint.2014.05.003}
}
