@article{alchourron:1985,
  author    = {C. E. Alchourr{\'o}n and
               P.~ G{\"a}rdenfors and
               D.~ Makinson},
  title     = {On the Logic of Theory Change: Partial Meet Contraction
               and Revision Functions},
  journal   = {Journal of Symbolic Logic},
  volume    = {50},
  number    = {2},
  year      = {1985},
  pages     = {510-530},
  bibsource = {DBLP, http://dblp.uni-trier.de}
}

@inproceedings{boerkoel:2011,
  author = "J.C.~Boerkoel and E.H.~Durfee",
  title = "Distributed algorithms for solving the multiagent temporal decoupling problem",
  booktitle = "Proceedings of the 10th International Conference on Autonomous Agents and Multi-agent Systems (AAMAS-11)",
  year = 2011,
  pages = {141--148},
  publisher = {International Foundation for Autonomous Agents and Multiagent Systems},
}

@inproceedings{boerkoel:2012,
 author = {J.C.~Boerkoel and E.H.~Durfee},
 title = { A Distributed Approach to Summarizing Spaces of Multiagent Schedules},
 booktitle = {Proceedings of the 26th Conference of the Association for the Advancement of Artificial Intelligence (AAAI-12)},
 year = {2012},
 pages = {1742--1748},
 location = {Toronto, Canada},
 publisher = {AAAI Press},
 }
@phdthesis{boerkoel:2012a,
  author = "J.C.~Boerkoel",
  title = "Distributed Approaches for Solving Constraint-based Multiagent Scheduling Problems",
  school = "University of Michigan",
  year = "2012"
}
@article{boerkoel:2013,
  author    = {J.C.~Boerkoel and
               E.H.~Durfee},
  title     = {Distributed Reasoning for Multiagent Simple Temporal Problems},
  journal   = {Journal of Artificial Intelligence Research (JAIR)},
  volume    = {47},
  year      = {2013},
  pages     = {95-156}
} 

@book{brambilla:2010,
  author = "A.~Brambilla",
  title = "Artificial Intelligence in Space Systems: Coordination Through Problem Decoupling in Multi Agent Planning for Space Systems",
  publisher = "Lambert Academic Publishing",
  year = "2010"
}
@inproceedings{brodsky:2005,
  author    = {A.~Brodsky and
               L.~Kerschberg and
               S.~Varas},
  title     = {Optimal Constraint Decomposition for Distributed Databases},
  booktitle = {Proceedings {ASIAN} 2004},
  year      = {2005},
  pages     = {301-319},
  ee        = {http://springerlink.metapress.com/openurl.asp?genre=article{\&}issn=0302-9743{\&}volume=3321{\&}spage=301}
 
}

@book{chretienne:1995,
  title={Scheduling theory and its applications},
  author={Chr{\'e}tienne, P.},
  isbn={9780471940593},
  lccn={lc95004907},
  year={1995},
  publisher={John Wiley \& Sons}
}


@book{dechter:2003,
  author = "R.~Dechter",
  title = "Constraint processing",
  publisher = "Morgan Kaufmann",
  year = "2003"
}


@article{dechterEtAl:1991,
  author = "R.~Dechter and I.~Meiri and J.~Pearl",
  title = "Temporal constraint networks",
  journal = "Knowledge Representation",
  volume = "49",
  pages = "61--95",
  year = "1991"
}

@article{floyd:1962,
	author = "R.W.~Floyd",
	title = "Algorithm 97: Shortest path",
	journal = "Communications of the ACM",
	year = 1962,
	volume = 5,
	number = 6,
	pages = 345,
}
@book{herrmann:2006,
  title={Handbook of production scheduling},
  author={J.W.~Herrmann},
  series={International Series in Operations Research \& Management Science},
  year={2006},
  publisher={Springer},
}

@inproceedings{hunsberger:2002b,
  author = "L. Hunsberger",
  title = "Algorithms for a temporal decoupling problem in multi-agent planning",
  booktitle = "Proceedings of the Association for the Advancement of Artificial Intelligence (AAAI-02)",
  pages = "468--475",
  year = "2002",
}

@PHDTHESIS{hunsberger:2002a,
  author = {L.~Hunsberger},
  title = {Group Decision Making and Temporal Reasoning},
  school = {Harvard University, Cambridge, Massachusetts},
  year = {2002},
 }
 
 @INPROCEEDINGS{klos:2013,
 author = "T. B. Klos and M. Wilson and C. Witteveen",
 title = {Flexibility Metrics for Time and Resource Constrained Scheduling Problems},
 editor= {G.~Kendall and B.~McCollum and G.~Vanden Berghe},
 booktitle = "Proceedings of the {MISTA} 2013 Conference, Ghent",
 year = 2013,
}

@inproceedings{leeuwen:2009,
 author = {P.~van Leeuwen and C.~Witteveen},
 title = {Temporal Decoupling and Determining Resource Needs of Autonomous Agents in the Airport Turnaround Process},
 booktitle = {Proceedings of the 2009 IEEE/WIC/ACM International Joint Conference on Web Intelligence and Intelligent Agent Technology - Volume 02},
 series = {WI-IAT '09},
 year = {2009},
 isbn = {978-0-7695-3801-3},
 pages = {185--192},
 numpages = {8},
 %url = {http://dx.doi.org/10.1109/WI-IAT.2009.149},
 %doi = {10.1109/WI-IAT.2009.149},
 %acmid = {1632514},
 publisher = {IEEE Computer Society},
 address = {Washington, DC, USA}
% keywords = {temporal planning, temporal decoupling, turnaround process},
} 

@article{mills:2007,
  title={The dynamic hungarian algorithm for the assignment problem with changing costs},
  author={G.~Mills-Tettey, A.~Stentz, and M.~Dias},
  year={2007},
  publisher={Carnegie Mellon University}
}
@inproceedings{Mogali:2016,
  author    = {Jayanth Krishna Mogali and
               Stephen F. Smith and
               Zachary B. Rubinstein},
  title     = {Distributed Decoupling of Multiagent Simple Temporal Problems},
  booktitle = {Proceedings {IJCAI}-2016},
  pages     = {408--415},
  publisher = {{IJCAI/AAAI} Press},
  year      = {2016}
}

@INPROCEEDINGS{morris:2001,
    author = {P.~Morris and N.~Muscettola},
    title = {Dynamic Control Of Plans With Temporal Uncertainty},
    editor    = {Bernhard Nebel},
    booktitle     = {Proceedings of the Seventeenth International Joint Conference
               on Artificial Intelligence, IJCAI 2001, Seattle, Washington,
               USA, 2001},
  publisher = {Morgan Kaufmann},
  year      = {2001},
  isbn      = {1-55860-777-3},
    pages = {494--502},   
}

@incollection{morris:2005,
 author = "Morris, P. and Muscettola, N.",
 title = "Temporal dynamic controllability revisited",
 booktitle = "Proceedings of the {Twentieth} {National} {Conference} on {Artificial} {Intelligence} ({AAAI}-05)",
 pages = "1193Ð1198",
 year = 2005
}
@inproceedings{mountakis:2015,
	author          = {S. Mountakis and T.B. Klos and C. Witteveen},
	title           = {Temporal Flexibility Revisited: Maximizing Flexibility by Computing Bipartite Matchings},
	booktitle       = {Proceedings Twenty-Fifth International Conference on Automated Planning and Scheduling},
	year            = {2015},
	url             = {http://www.aaai.org/ocs/index.php/ICAPS/ICAPS15/paper/view/10610}
}
@inproceedings{planken:2008,
	author = "L.R.~Planken and M.M.~de Weerdt and R.~van der Krogt",
	title = "{P3C}: A New Algorithm for the {STP}",
	booktitle = "Proceedings International Conference on Automated Planning and Scheduling (ICAPS)",
	year = 2008
}
@book{papadimitriou:1982,
 author = {Papadimitriou, Christos H. and Steiglitz, Kenneth},
 title = {Combinatorial Optimization: Algorithms and Complexity},
 year = {1982},
 isbn = {0-13-152462-3},
 publisher = {Prentice-Hall, Inc.},
 address = {Upper Saddle River, NJ, USA},
} 

@book{pinedo:2008,
 author = {M.L.~Pinedo},
 title = {Scheduling: Theory, Algorithms, and Systems},
 year = {2008},
 isbn = {0387789340, 9780387789347},
 edition = {3rd},
 publisher = {Springer Publishing Company},
} 

@inproceedings{plankenEtAl:2010,
	author = "L.R.~Planken and M.M.~de Weerdt and C.~Witteveen",
	title = "Optimal temporal decoupling in multiagent systems",
	booktitle       = {Proceedings of the Ninth International Joint Conference on Autonomous Agents and Multiagent Systems (AAMAS-10)},
	publisher       = {IFAAMAS},
	year            = {2010},
	month           = {May},
	editor          = {VanderHoek and Kaminka and Lesperance and Luck and Sen},
	pages           = {789-796},
	isbn            = {978-0-9826571-1-9},
	location        = {Toronto},
}
@article{planken:2012,
 author = {L.R.~Planken and M.M.~de Weerdt and R. van der Krogt},
 title = {Computing All-pairs Shortest Paths by Leveraging Low Treewidth},
 journal = {Journal of Artificial Intelligence Research},
 issue_date = {January 2012},
 volume = {43},
 number = {1},
 month = jan,
 year = {2012},
 issn = {1076-9757},
 pages = {353--388},
 numpages = {36},
 url = {http://dl.acm.org/citation.cfm?id=2387915.2387925},
 acmid = {2387925},
 publisher = {AI Access Foundation},
 address = {USA}
} 
@phdthesis{planken:2013,
	author = "L.R.~Planken",
	title = "Algorithms for Simple Temporal Reasoning",
	year = 2013,
	school = "Delft University of Technology",
}
@inproceedings{policella:2004,
  author    = {N. Policella and
               S. F. Smith and
               A. Cesta and
               A. Oddi},
  title     = {Generating Robust Schedules through Temporal Flexibility},
  editor    = {S. Zilberstein and
               J. Koehler and
               S. Koenig},
 booktitle = {Proceedings of the Fourteenth International Conference on
               Automated Planning and Scheduling (ICAPS 2004)},
  year      = {2004},
  publisher = {AAAI},
  pages     = {209-218}
}
@inproceedings{policella:2005,
  author    = {Nicola Policella and
               Xiaofang Wang and
               Stephen F. Smith and
               Angelo Oddi},
  title     = {Exploiting Temporal Flexibility to Obtain High Quality Schedules},
  booktitle = {AAAI},
  year      = {2005},
  pages     = {1199-1204},
  ee        = {http://www.aaai.org/Library/AAAI/2005/aaai05-190.php},
  crossref  = {DBLP:conf/aaai/2005},
  bibsource = {DBLP, http://dblp.uni-trier.de}
}

@proceedings{DBLP:conf/aaai/2005,
  editor    = {Manuela M. Veloso and
               Subbarao Kambhampati},
  title     = {Proceedings, The Twentieth National Conference on Artificial
               Intelligence and the Seventeenth Innovative Applications
               of Artificial Intelligence Conference, July 9-13, 2005,
               Pittsburgh, Pennsylvania, USA},
  publisher = {AAAI Press/The MIT Press},
  year      = {2005},
  isbn      = {1-57735-236-X},
  bibsource = {DBLP, http://dblp.uni-trier.de}
}
@article{policella:2007,
	author = "N.~Policella and A.~Cesta and A.~Oddi and S.F.~Smith",
	title = "From precedence constraint posting to partial order schedules: A {CSP} approach to Robust Scheduling",
	journal = "AI Communications",
	year = 2007,
	volume = 20,
	number = 3,
	pages = "163--180"
}
@incollection{pollack:2005,
 author = "M. E. Pollack and I. Tsamardinos",
 title = "Efficiently Dispatching Plans Encoded as Simple Temporal Problems",
 booktitle = "Intelligent Techniques for Planning",
 publisher = "Idea Group Publishing",
 editor = "I. Vlahavas and D. Vrakas",
 pages = "296--319",
 isbn = "9781591404507",
 year = 2005
}
@article{potra:2000,
        Author = {F.A. Potra and S.J. Wright},
	%Doi = {http://dx.doi.org/10.1016/S0377-0427(00)00433-7},
	Issn = {0377-0427},
	Journal = {Journal of Computational and Applied Mathematics},
	%Note = {Numerical Analysis 2000. Vol. IV: Optimization and Nonlinear Equations},
	Number = {1--2},
	Pages = {281 - 302},
	Title = {Interior-point methods},
	%Url = {http://www.sciencedirect.com/science/article/pii/S0377042700004337},
	Volume = {124},
	Year = {2000}
	%Bdsk-Url-1 = {http://www.sciencedirect.com/science/article/pii/S0377042700004337},
	%Bdsk-Url-2 = {http://dx.doi.org/10.1016/S0377-0427(00)00433-7}}

@INPROCEEDINGS{smith:2003,
    author = {S.~F. Smith},
    title = {Is Scheduling a Solved Problem?},
    booktitle = {Proceedings of the Multi-Disciplinary International Conference on Scheduling Theory and Applications (MISTA)},
    year = {2003},
    pages = {3--18},
    publisher = {Springer}
}
@article{vidalF:1999,
  author = {Th.~Vidal and H.~Fargier},
  journal = {Journal of Experimental and Theoretical Artificial Intelligence},
  keywords = {dblp},
  number = 1,
  pages = {23--45},
  title = {Handling contingency in temporal constraint networks: from consistency to controllabilities},
  volume = 11,
year = 1999,
}

@inproceedings{vidalB:2001,
  author = 	 {Th.~Vidal and J.~Bidot},
  editor    = {C.~Beck and
               K.~Brown},
  title = 	 {Dynamic Sequencing of Tasks in Simple Temporal Network with Uncertainty},
  year = 	 2001,
  pages = {39--48},
  booktitle =  {Proceedings of the CP'01 Workshop on Constraints and Uncertainty (CUW'01)},
  month =        "December",
}

@inproceedings{wilson:2013,
	author        = {M.~Wilson and C.~Witteveen and T.B.~Klos and B.~Huisman},
	title           = {Enhancing flexibility and robustness in multi-agent task scheduling},
	booktitle     = {Proceedings OPTMAS workshop},
	year            = {2013},
}
